<?xml version="1.0" encoding="utf-8"?>
<record xmlns="http://www.loc.gov/MARC21/slim" xmlns:xsi="http://www.w3.org/2001/XMLSchema-instance" xsi:schemaLocation="http://www.loc.gov/MARC21/slim http://www.loc.gov/standards/marcxml/schema/MARC21slim.xsd">
	<leader>     nam a22        4500</leader>
	<controlfield tag="001">2453870</controlfield>
	<controlfield tag="003">NIC</controlfield>
	<controlfield tag="006">m        d        </controlfield>
	<controlfield tag="007">cr cn |||m|||a</controlfield>
	<controlfield tag="008">150505s1971    ua      o     000 0 ara d</controlfield>
	<datafield ind1=" " ind2=" " tag="040">
		<subfield code="a">NNU</subfield>
		<subfield code="b">eng</subfield>
		<subfield code="e">rda</subfield>
		<subfield code="c">NNU</subfield>
	</datafield>
	<datafield ind1="0" ind2=" " tag="041">
		<subfield code="a">ara</subfield>
		<subfield code="a">eng</subfield>
	</datafield>
	<datafield ind1=" " ind2="4" tag="050">
		<subfield code="a">PJ6640</subfield>
		<subfield code="b">.E63 1971</subfield>
	</datafield>
	<datafield ind1="1" ind2=" " tag="100">
		<subfield code="6">880-01</subfield>
		<subfield code="a">Elias, Elias A.</subfield>
		<subfield code="q">(Elias Antoon)</subfield>
	</datafield>
	<datafield ind1="1" ind2="3" tag="245">
		<subfield code="6">880-02</subfield>
		<subfield code="a">al-Hadīyah al-sanīyah li-ṭullāb al-lughah al-Inkilīzīyah :</subfield>
		<subfield code="b">mudmajan maʻahā al-tuḥfah al-Miṣrīyah li-ṭullāb al-lughah al-Inkilīzīyah /</subfield>
		<subfield code="c">taʼlīf Ilyās Anṭūn Ilyās wa-Idwār A. Ilyās = An Egyptian-Arabic manual for self-study : with which is amalgamated Elias easy method for learning English / by Elias A. Elias &amp; Ed. E. Elias.</subfield>
	</datafield>
	<datafield ind1="3" ind2="1" tag="246">
		<subfield code="a">Egyptian-Arabic manual for self-study</subfield>
	</datafield>
	<datafield ind1=" " ind2=" " tag="250">
		<subfield code="a">19th ed., enl.</subfield>
	</datafield>
	<datafield ind1=" " ind2=" " tag="260">
		<subfield code="6">880-03</subfield>
		<subfield code="a">Miṣr :</subfield>
		<subfield code="b">al-Maṭbaʻah al-ʻAṣrīyah,</subfield>
		<subfield code="c">[1971]</subfield>
	</datafield>
	<datafield ind1=" " ind2=" " tag="300">
		<subfield code="a">online resource (240 pages)</subfield>
	</datafield>
	<datafield ind1=" " ind2=" " tag="336">
		<subfield code="a">text</subfield>
		<subfield code="2">rdacontent</subfield>
	</datafield>
	<datafield ind1=" " ind2=" " tag="337">
		<subfield code="a">computer</subfield>
		<subfield code="2">rdamedia</subfield>
	</datafield>
	<datafield ind1=" " ind2=" " tag="338">
		<subfield code="a">online resource</subfield>
		<subfield code="2">rdacarrier</subfield>
	</datafield>
	<datafield ind1=" " ind2=" " tag="500">
		<subfield code="a">Part of the Arabic Collections Online (ACO) project, contributed by Cornell University Libraries.</subfield>
	</datafield>
	<datafield ind1=" " ind2=" " tag="533">
		<subfield code="a">Electronic reproduction.</subfield>
		<subfield code="b">New York, N.Y. :</subfield>
		<subfield code="c">New York University,</subfield>
		<subfield code="d">2015.</subfield>
		<subfield code="5">NNU</subfield>
	</datafield>
	<datafield ind1=" " ind2="0" tag="650">
		<subfield code="a">English language</subfield>
		<subfield code="v">Glossaries, vocabularies, etc.</subfield>
		<subfield code="x">Arabic.</subfield>
	</datafield>
	<datafield ind1=" " ind2="0" tag="650">
		<subfield code="a">English language</subfield>
		<subfield code="x">Pronunciation.</subfield>
	</datafield>
	<datafield ind1=" " ind2="0" tag="650">
		<subfield code="a">Arabic language</subfield>
		<subfield code="x">Pronunciation.</subfield>
	</datafield>
	<datafield ind1="1" ind2=" " tag="700">
		<subfield code="6">880-04</subfield>
		<subfield code="a">Elias, Edward Elias. </subfield>
	</datafield>
	<datafield ind1="2" ind2=" " tag="710">
		<subfield code="a">Cornell University.</subfield>
		<subfield code="b">Libraries.</subfield>
	</datafield>
	<datafield ind1="0" ind2=" " tag="730">
		<subfield code="a">Arabic Collections Online.</subfield>
	</datafield>
	<datafield ind1="0" ind2="8" tag="776">
		<subfield code="i">Print version:</subfield>
		<subfield code="a">Elias, Elias A. (Elias Antoon)</subfield>
		<subfield code="t">al-Hadīyah al-sanīyah li-ṭullāb al-lughah al-Inkilīzīyah</subfield>
		<subfield code="w">(NIC)2453870</subfield>
		<subfield code="w">(OCoLC)40592761</subfield>
	</datafield>
	<datafield ind1="4" ind2="0" tag="856">
		<subfield code="u">http://hdl.handle.net/2333.1/q573n83v</subfield>
	</datafield>
	<datafield ind1="1" ind2=" " tag="880">
		<subfield code="6">100-01/r</subfield>
		<subfield code="a">الياس، الياس ا.</subfield>
		<subfield code="q">(الياس انطون)</subfield>
	</datafield>
	<datafield ind1="1" ind2="2" tag="880">
		<subfield code="6">245-02/r</subfield>
		<subfield code="a">الهدية السنية لطلاب اللغة الانكليزية :</subfield>
		<subfield code="b">مدمجن معها التحفة المصرية لطلاب اللغة الانكليزية /</subfield>
		<subfield code="c">تأليف الياس انطون الياس وادوار ا. الياس = An Egyptian-Arabic manual for self-study : with which is amalgamated Elias easy method for learning English / by Elias A. Elias &amp; Ed. E. Elias.</subfield>
	</datafield>
	<datafield ind1=" " ind2=" " tag="880">
		<subfield code="6">260-03/r</subfield>
		<subfield code="a">مصر :</subfield>
		<subfield code="b">المطبعة العصرية،</subfield>
		<subfield code="c">[1971]</subfield>
	</datafield>
	<datafield ind1="1" ind2=" " tag="880">
		<subfield code="6">700-04/r</subfield>
		<subfield code="a">الياس، ادوارد الياس. </subfield>
	</datafield>
	<datafield ind1=" " ind2=" " tag="959">
		<subfield code="a">NNU</subfield>
		<subfield code="b">WEB</subfield>
		<subfield code="c">GENI</subfield>
		<subfield code="t">0</subfield>
		<subfield code="m">Electronic access</subfield>
		<subfield code="s">01</subfield>
	</datafield>
	<datafield ind1=" " ind2=" " tag="999">
		<subfield code="i">NIC_2453870</subfield>
		<subfield code="o">(OCoLC)ocm40592761 </subfield>
		<subfield code="s">cornell_aco000125</subfield>
		<subfield code="e">(ERROR-880)</subfield>
	</datafield>
</record>
